@article{flex,
author = {Macklin, Miles and M\"{u}ller, Matthias and Chentanez, Nuttapong and Kim, Tae-Yong},
title = {Unified Particle Physics for Real-time Applications},
journal = {ACM Trans. Graph.},
issue_date = {July 2014},
volume = {33},
number = {4},
month = {july},
year = {2014},
issn = {0730-0301},
pages = {153:1--153:12},
articleno = {153},
numpages = {12},
url = {http://doi.acm.org/10.1145/2601097.2601152},
doi = {10.1145/2601097.2601152},
acmid = {2601152},
publisher = {ACM},
address = {New York, NY, USA},
keywords = {cloth simulation, fluid simulation, position-based dynamics, simulation, two-way fluid coupling, unified solver},
}

@phdthesis{fossum,
title={Real-Time Rigid Body Interactions},
author={Fossum, Fredrik},
year={2011},
publisher={Institutt for datateknikk og informasjonsvitenskap},
school={Norwegian University of Science and Technology}
}

@book{ragnemalmpolygons,
title={Polygons feel no pain},
author={Ragnemalm, Ingemar},
year={2015},
publisher={Bokakademin}
}

@book{ragnemalmscream,
title={â€¦So How Can We Make Them Scream},
author={Ragnemalm, Ingemar},
year={2015},
publisher={Bokakademin}
}

@phdthesis{baberrigid,
title={Rigid body simulation},
author={Baber, Rahil},
year={2006},
school={University of Warwick}
}

@article{green,
title={Particle simulation using cuda},
author={Green, Simon},
journal={NVIDIA whitepaper},
year={2010}
}
@article{benderposition,
title={Position-Based Simulation Methods in Computer Graphics},
journal={NVIDIA whitepaper},
author={Bender, Jan and M{\"u}ller, Matthias and Macklin, Miles},
year={2015}
}

@misc{gpupipedev,
title={GPU rigid body simulation using OpenCL},
author={Coumans, E.},
note={Bullet Development paper},
year={2013}
}

@inproceedings{bulletPipeline,
author={Coumans, E.},
title={GPU Rigid Body Simulation},
journal={Game Developers Conference 2013},
booktitle={Game Developers Conference 2013},
year={2013}
}

@book{gpugems,
note={Online version on \url{http://http.developer.nvidia.com/GPUGems3/gpugems3_part05.html}},
title={Gpu gems 3},
pages={chapter 29},
author={Nguyen, Hubert},
year={2007},
publisher={Addison-Wesley Professional}
}

@article{minBounding,
Abstract = {The problem of finding minimal volume boxes circumscribing a given set of three-dimensional points is investigated. It is shown that it is not necessary for a minimum volume box to have any sides flush with a face of the convex hull of the set of points, which makes a naive search problematic. Nevertheless, it is proven that at least two adjacent box sides are flush with edges of the hull, and this characterization enables anO(n                3) algorithm to find all minimal boxes for a set ofn points.},
Author = {O'Rourke, Joseph},
Doi = {10.1007/BF00991005},
Issn = {1573-7640},
Journal = {International Journal of Computer \& Information Sciences},
Number = {3},
year = {1986},
Pages = {183--199},
Title = {Finding minimal enclosing boxes},
Url = {http://dx.doi.org/10.1007/BF00991005},
Volume = {14},
Bdsk-Url-1 = {http://dx.doi.org/10.1007/BF00991005}}

@misc{SAPPierre,
title={Sweep-and-prune},
author={Terdiman, P.},
year={2007},
url={http://www.codecorner.com/SAP.pdf}
}
@article{HACD,
author = {B{\"a}cklund, Henrik and Neijman, Niklas},
institution = {Link{\"o}ping University, The Institute of Technology},
pages = {52},
school = {Link{\"o}ping University, Information Coding, The Institute of Technology},
title = {Automatic Mesh Decomposition for Real-time Collision Detection},
year = {2014}
}
@article{hansson,
title={Graphics Processor Based Rigid Body Physics Simulation for Massive Crowds of Simulated Agents},
author={Hansson, Theresia},
year={2007},
school={Kungliga Tekniska H{\"o}gskolan},
pages={51}
}

@inproceedings{guendelman,
title={Nonconvex rigid bodies with stacking},
author={Guendelman, Eran and Bridson, Robert and Fedkiw, Ronald},
booktitle={ACM Transactions on Graphics (TOG)},
volume={22},
number={3},
pages={871--878},
year={2003},
organization={ACM}
}
@article{tonge,
title={Mass splitting for jitter-free parallel rigid body simulation},
author={Tonge, Richard and Benevolenski, Feodor and Voroshilov, Andrey},
journal={ACM Transactions on Graphics (TOG)},
volume={31},
number={4},
pages={105},
year={2012},
publisher={ACM}
}

@inproceedings{catto,
title={Modeling and solving constraints},
author={Catto, Erin},
booktitle={Game Developers Conference},
year={2009}
}

@article{baraff,
title={Physically based modeling: Rigid body simulation},
author={Baraff, David},
journal={SIGGRAPH Course Notes, ACM SIGGRAPH},
volume={2},
number={1},
pages={2--1},
year={2001}
}

@inproceedings{catto2006,
title={Fast and simple physics using sequential impulses},
author={Catto, Erin and others},
booktitle={Gam es Developer Conference},
year={2006}
}
@article{lembcke,
title={Realtime Rigid Body Simulation Using Impulses},
author={Lembcke, Scott},
year={2006}
}

@inproceedings{fastnearest,
title={Fast fixed-radius nearest neighbors: Interactive million--particle fluids},
author={Hoetzlein, RC},
booktitle={GPU Technology Conference},
year={2014}
}

@inproceedings{liu2010,
title={Real-time collision culling of a million bodies on graphics processing units},
author={Liu, Fuchang and Harada, Takahiro and Lee, Youngeun and Kim, Young J},
booktitle={ACM Transactions on Grpahics (TOG)},
volume={29},
number={6},
pages={154},
year={2010},
organization={ACM}
}

@inproceedings{mamou,
title={A simple and efficient approach for 3D mesh approximate convex decomposition},
author={Mamou, Khaled and Ghorble, Faouzi},
booktitle={Image Processing (ICIP), 2009 16th IEEE International Conference},
pages={3501--3504},
year={2009},
organization={IEEE}
}
